
// Chapter 2 - Context

https://www.open.edu/openlearn/money-management/management/business-studies/history-online-retail

https://www.eukhost.com/blog/webhosting/business-to-consumer-b2c-part-1/

// Chapter 3 - Methodology

@article{rising2000scrum,
  title={The Scrum software development process for small teams},
  author={Rising, Linda and Janoff, Norman S},
  journal={IEEE software},
  volume={17},
  number={4},
  pages={26--32},
  year={2000},
  publisher={IEEE}
}

@inproceedings{inproceedings,
author = {Way, Thomas and Chandrasekhar, Sandhya and Murthy, Arun},
year = {2009},
month = {01},
pages = {530-536},
title = {The Agile Research Penultimatum.}
}

@article{bierman_abadi_torgersen_2014, title={Understanding TypeScript}, DOI={10.1007/978-3-662-44202-9_11}, journal={ECOOP 2014 – Object-Oriented Programming Lecture Notes in Computer Science}, author={Bierman, Gavin and Abadi, Martín and Torgersen, Mads}, year={2014}, pages={257–281}}

@misc{github, title={GitHub https://github.com/}, url={https://github.com/}, journal={GitHub}}

@inproceedings{zagalsky2015emergence,
  title={The emergence of github as a collaborative platform for education},
  author={Zagalsky, Alexey and Feliciano, Joseph and Storey, Margaret-Anne and Zhao, Yiyun and Wang, Weiliang},
  booktitle={Proceedings of the 18th ACM Conference on Computer Supported Cooperative Work \& Social Computing},
  pages={1906--1917},
  year={2015}
}

// Chapter 4 - Technology Review
// image
https://www.google.com/search?q=pycharm+symbol&tbm=isch&hl=en&chips=q:pycharm+icon,g_1:jetbrains&client=firefox-b-d&hl=en&ved=2ahUKEwidvqTRh6DpAhVVrHEKHXI8BjEQ4lYoAHoECAEQFQ&biw=1089&bih=950#imgrc=NdstonKlF298sM

// jetbrains
https://www.jetbrains.com/

//pycharm
https://www.jetbrains.com/pycharm/

// pycharm features
@book{islam2015mastering,
  title={Mastering PyCharm},
  author={Islam, Quazi Nafiul},
  year={2015},
  publisher={Packt Publishing Ltd}
}

// [flask and django]
https://www.jetbrains.com/pycharm/features/web_development.html

// Latex image
https://mattiacinelli.com/ucl-phd-thesis-latex-template/